@Misc{ethereum,
  author =    {Vitalik Buterin},
  title =     {Ethereum White Paper: A Next-Generation Smart Contract and Decentralized Application Platform},
  year =      {2013},
  howpublished =      {https://github.com/ethereum/wiki/wiki/White-Paper},
}

@Misc{balajiTokens,
  author =    {Balaji S. Srinivasan},
  title =     {Thoughts on Tokens},
  howpublished = {https://medium.com/@balajis/thoughts-on-tokens-436109aabcbe},
  month =     {May},
  year =      {2017},
  note =      {Accessed: 2017-5-27},
}

@Misc{fatprotocols,
  author =    {Joel Monegro},
  title =     {Fat Protocols},
  howpublished = {http://www.usv.com/blog/fat-protocols},
  month =     {August},
  year =      {2016},
  note =      {Accessed: 2017-5-27},

}

@Misc{counterparty,
  title =     {Counterparty},
  howpublished = {https://counterparty.io/},
  note =      {Accessed: 2017-5-27},
}

@Misc{erc20,
  author =    {Fabian Vogelsteller},
  title =     {ERC: Token Standard},
  howpublished = {https://github.com/ethereum/EIPs/issues/20},
  note =      {Accessed: 2017-4-28},
}
