@Misc{mango,
  author =    {Alex Beregszaszi},
  title =     {Mango: Git, completely decentralized},
  howpublished = {\url{https://github.com/axic/mango/}},
  note =      {Accessed: 2017-04-24},
}

@Misc{mangoTech,
  author =    {Alex Beregszaszi},
  title =     {Mango Specification},
  howpublished = {\url{https://github.com/axic/mango/blob/master/TECH.md}},
  note =      {Accessed: 2017-05-13},
}

@Misc{gitprotocol,
  title =     {Git on the Server - The Protocols},
  howpublished = {\url{https://git-scm.com/book/en/v2/Git-on-the-Server-The-Protocols}},
  note =      {Accessed: 2017-04-24},
}

@Misc{swarm,
  title =     {Swarm: Serverless Hosting Incentivised Peer-To-Peer Storage and Content Distribution},
  howpublished = {\url{http://swarm-gateways.net/bzz:/theswarm.eth/}},
  note =      {Accessed: 2017-05-13},
}

@Misc{dynddos,
  author =    {Darrell Etherington},
  title =     {Large DDoS attacks cause outages at Twitter, Spotify, and other sites},
  howpublished = {\url{https://techcrunch.com/2016/10/21/many-sites-including-twitter-and-spotify-suffering-outage/}},
  month =     {October},
  year =      {2016},
  note =      {Accessed: 2017-05-13},
}

@Misc{ipfs,
  author =    {Juan Benet},
  title =     {IPFS - Content Addressed, Versioned, P2P File System (DRAFT 3)},
  howpublished = {\url{https://github.com/ipfs/papers/blob/master/ipfs-cap2pfs/ipfs-p2p-file-system.pdf}}
  note =      {Accessed: 2017-05-13}
}