@Misc{successOSS,
  author =    {Nadia Eghbal},
  title =     {What success really looks like in open source},
  howpublished = {https://medium.com/@nayafia/what-success-really-looks-like-in-open-source-2dd1facaf91c},
  month =     {February},
  year =      {2016},
}

@Misc{ubuntuUnity,
  author =    {Jon Brodkin},
  title =     {Ubuntu Unity is dead: Desktop will switch back to GNOME next year},
  howpublished = {https://arstechnica.co.uk/information-technology/2017/04/ubuntu-unity-is-dead-back-to-gnome/},
  month =     {June},
  year =      {2017},
}

@Misc{bountysource,
  title =     {Bounty Source: Support for Open-Source Software},
  howpublished = {https://www.bountysource.com/},
  note =      {Accessed: 2017-04-24},
}
