@Article{proofsofknowledge,
  author =       {Gilles Brassard and David Chaum and Claude Crepeau},
  title =        {Minimum Disclosure Proofs of Knowledge},
  journal =      {Journal of Computer and System Sciences},
  year =         {1988},
  volume =    {37},
  pages =     {156--189},
}

@Article{skininthegame,
  author =       {Nassim N. Taleb and Constantine Sandis},
  title =        {The Skin In The Game Heuristic for Protection Against Tail Events},
  journal =      {Review of Behavioral Economics},
  year =         {2014},
  volume =    {1},
  pages =     {1--21},
}

@Misc{erc20,
  author =    {Fabian Vogelsteller},
  title =     {ERC: Token Standard},
  howpublished = {https://github.com/ethereum/EIPs/issues/20},
  note =      {Accessed: 2017-4-28},
}

@Misc{amortisationWork,
  author =    {Nick Johnson},
  title =     {Dividend-Bearing Tokens on Ethereum},
  howpublished = {https://medium.com/@weka/dividend-bearing-tokens-on-ethereum-42d01c710657},
  month =     {May},
  year =      {2017},
  note =      {Accessed: 2017-05-13},
}
