@InProceedings{camp1995,
  author =       {L. Jean Camp and Marvin Sirbu and J.D. Tygar},
  title =        {Token and Notational Money in Electronic Commerce},
  booktitle = {Proceedings of the 1st USENIX Workshop on Electronic Commerce},
  year =      {1995},
  pages =     {1--12},
}

@Article{haber1991,
  author =       {Stuart Haber and W. Scott Stornetta},
  title =        {How to time-stamp a digital document},
  journal =      {Journal of Cryptology},
  year =         {1991},
  volume =    {3},
  number =    {2},
  pages =     {9--111},
  month =     {January},
}

@InCollection{bayer1993,
  author =       {Dave Bayer and Stuart Haber. and W. Scott Stornetta},
  title =        {Improving the Efficiency and Reliability of Digital Time-Stamping},
  booktitle =    {Sequences II: Methods in Communication, Security and Computer Science},
  year =      {1993},
  pages =     {329--334},
}

@Misc{bitcoin,
  author =    {Satoshi. Nakamoto},
  title =     {Bitcoin: A Peer-to-Peer Electronic Cash System},
  year =      {2008},
  howpublished =      {https://bitcoin.org/bitcoin.pdf},
}

@Misc{ethereum,
  author =    {Vitalik Buterin},
  title =     {Ethereum White Paper: A Next-Generation Smart Contract and Decentralized Application Platform},
  year =      {2013},
  howpublished =      {https://github.com/ethereum/wiki/wiki/White-Paper},
}

@MastersThesis{tendermint,
  author =       {Ethan Buchman},
  title =        {Tendermint: Byzantine Fault Tolerance in the Age of Blockchains},
  school =       {The University of Guelph},
  year =         {2016},
}

@Misc{socialScalability,
  author =    {Nick Szabo},
  title =     {Money, blockchains, and social scalability},
  month =     {February},
  year =      {2017},
  howpublished =      {http://unenumerated.blogspot.com/2017/02/money-blockchains-and-social-scalability.html},
}

@Misc{whatisblockchain,
  author =    {Peter Van Valkenburgh},
  title =     {What is "Blockchain" anyway?},
  howpublished = {https://coincenter.org/entry/what-is-blockchain-anyway},
  month =     {April},
  year =      {2017},
}

@Article{faulttolerant,
  author =       {Fred B. Schneider},
  title =        {Implementing Fault-Tolerant Services Using the State Machine Approach: A Tutorial},
  journal =      {ACM Computing Surveys (CSUR)},
  year =         {1990},
  volume =    {22},
  number =    {11},
  pages =     {299--319},
}

@Article{byzantine,
  author =       {Leslie Lamport and Robert Shostak and Marshall Pease},
  title =        {The Byzantine Generals Problem},
  journal =      {ACM Transactions on Programming Languages and Systems},
  year =         {1982},
  volume =    {4},
  number =    {3},
  pages =     {382--401},
}

@InProceedings{transactions,
  author =       {Jim Gray},
  title =        {The Transaction Concept: Virtues and Limitations (Invited Paper)},
  booktitle = {Proceedings of the Seventh International Conference on Very Large Data Bases},
  year =      {1981},
  volume =    {7},
  pages =     {144--154},
}

@Article{pbft,
  author =       {Miguel Castro and Barbara Liskov},
  title =        {Practical Byzantine Fault Tolerance and Proactive Recovery},
  journal =      {ACM Transactions on Computer Systems},
  year =         {2002},
  volume =    {20},
  number =    {4},
  pages =     {398--461},
}

@InBook{blindsignatures,
  author =    {David Chaum},
  title =        {Blind Signatures for Untraceable Payments},
  publisher =    {Springer US},
  year =         {1983},
  pages =     {199--203},
  bookTitle =     {Advances in Cryptology: Proceedings of Crypto 82},
}

@Misc{hashcash,
  author =    {Adam Back},
  title =     {Hashcash - A Denial of Service Counter-Measure},
  howpublished = {http://www.hashcash.org/papers/hashcash.pdf},
  month =     {August},
  year =      {2002},
  note =      {Accessed: 2017-4-29},
}

@Misc{bitgold,
  author =    {Nick Szabo},
  title =     {Bit gold},
  howpublished = {http://unenumerated.blogspot.com/2005/12/bit-gold.html},
  month =     {December},
  year =      {2008},
  note =      {Accessed: 2017-4-29},
}

@TechReport{anonymousByzantine,
  author =       {Andrew Miller and Joseph J. LaViola Jr.},
  title =        {Anonymous Byzantine Consensus from Moderately-Hard Puzzles: A Model for Bitcoin},
  year =         {2014},
}

@TechReport{honeybadger,
  author =       {Andrew Miller and Yu Xia and Kyle Croman and Elaine Shi and Dawn Song},
  title =        {The Honey Badger of BFT Protocols},
  institution =  {Cryptology ePrint Archive: Report 2016/199},
  year =         {2016},
}

@Misc{nakamotoConsensus,
  author =    {Dominic Williams},
  title =     {Byzantine Consensus Suitable for Decentralized Networks Using Cryptographic Randomness},
  howpublished = {https://drive.google.com/file/d/0B9a1K-U2gZ2KN3pYSXF6bXF0QTg/view},
  note =      {Accessed: 2017-5-27},
}

@Article{FLP,
  author =       {Michael J. Fischer and Nancy A. Lynch and Michael S. Paterson},
  title =        {Impossibility of Distributed Consensus With One Faulty Process},
  journal =      {Journal of the ACM},
  year =         {1985},
  volume =    {32},
  number =    {2},
  pages =     {374--382},
  month =     {April},
}

@InProceedings{freechoice,
  author =       {Michael Ben-Or},
  title =        {Another Advantage of Free Choice (Extended Abstract): Completely Asynchronous Agreement Protocols},
  booktitle = {Proceedings of the Second Annual ACM Symposium on Principles of Distributed Computing},
  year =      {1983},
  pages =     {27--30},
}

@InProceedings{sybil,
  author =       {John R. Douceur},
  title =        {The Sybil Attack},
  booktitle = {Proceedings of 1st International Workshop on Peer-to-Peer Systems (IPTPS)},
  year =      {2002},
  pages =     {251--260},
  month =     {January},
}

@Misc{casper,
  author =    {Vlad Zamfir},
  title =     {Introducing Casper "the Friendly Ghost"},
  howpublished = {https://blog.ethereum.org/2015/08/01/introducing-casper-friendly-ghost/},
  month =     {August},
  year =      {2015},
  note =      {Accessed: 2017-5-27},
}
